%% This BibTeX bibliography file was created using BibDesk.
%% http://bibdesk.sourceforge.net/

%% Saved with string encoding Unicode (UTF-8) 



@book{ascher2011first,
  title={A First Course on Numerical Methods},
  author={Ascher, U.M. and Greif, C.},
  isbn={9780898719987},
  lccn={2011007041},
  series={Computational Science and Engineering},
  url={https://books.google.at/books?id=gJjh6QcBrlEC},
  year={2011},
  publisher={Siam}
}

@article{COPPERSMITH1990251,
title = "Matrix multiplication via arithmetic progressions",
journal = "Journal of Symbolic Computation",
volume = "9",
number = "3",
pages = "251 - 280",
year = "1990",
note = "Computational algebraic complexity editorial",
issn = "0747-7171",
doi = "https://doi.org/10.1016/S0747-7171(08)80013-2",
url = "http://www.sciencedirect.com/science/article/pii/S0747717108800132",
author = "Don Coppersmith and Shmuel Winograd"
}


@inproceedings{dongarra2007hpc,
  title={{The HPC challenge benchmark: a candidate for replacing Linpack in the Top500?}},
  author={Dongarra, Jack},
  year={2007}
}

@article{dongarra2013toward,
  title={Toward a new metric for ranking high performance computing systems},
  year = {2013},
  journal = {{Sandia National Laboratories}},
  author={Dongarra, Jack and Michael A. Heroux}
}


@article{dongarra2016report,
  title={Report on the sunway taihulight system},
  author={Dongarra, Jack},
  journal={ www. netlib. org. },
  volume={20},
  year={2016}
}

@article{fu2016sunway,
  title={{The Sunway TaihuLight supercomputer: system and applications}},
  author={Fu, Haohuan and Liao, Junfeng and Yang, Jinzhe and Wang, Lanning and Song, Zhenya and Huang, Xiaomeng and Yang, Chao and Xue, Wei and Liu, Fangfang and Qiao, Fangli and others},
  journal={Science China Information Sciences},
  volume={59},
  number={7},
  pages={072001},
  year={2016},
  publisher={Springer}
}

@book{golub1996matrix,
  title={Matrix Computations},
  author={Golub, G.H. and Van Loan, C.F.},
  isbn={9780801854149},
  lccn={96014291},
  series={Johns Hopkins Studies in the Mathematical Sciences},
  url={https://books.google.at/books?id=mlOa7wPX6OYC},
  year={1996},
  publisher={Johns Hopkins University Press}
}

@article{gremse2015gpu,
  title={GPU-accelerated sparse matrix-matrix multiplication by iterative row merging},
  author={Gremse, Felix and Hofter, Andreas and Schwen, Lars Ole and Kiessling, Fabian and Naumann, Uwe},
  journal={SIAM Journal on Scientific Computing},
  volume={37},
  number={1},
  pages={C54--C71},
  year={2015},
  publisher={SIAM}
}

@manual{hypre-web-page,
title = {{\sl Hypre}: High Performance Preconditioners},
organization = {Lawrence Livermore National Laboratory},
note = {\url{http://www.llnl.gov/CASC/hypre/}}
}


@manual{vsc_oil,
title = {Austria’s new green super computer},
organization = {Vienna University of Technology},
note = {\url{https://www.tuwien.ac.at/en/news/news_detail/article/8880/}}
}

@inproceedings{coarfa2005evaluation,
  title={An evaluation of global address space languages: co-array fortran and unified parallel C},
  author={Coarfa, Cristian and Dotsenko, Yuri and Mellor-Crummey, John and Cantonnet, Fran{\c{c}}ois and El-Ghazawi, Tarek and Mohanti, Ashrujit and Yao, Yiyi and Chavarr{\'\i}a-Miranda, Daniel},
  booktitle={Proceedings of the tenth ACM SIGPLAN symposium on Principles and practice of parallel programming},
  pages={36--47},
  year={2005},
  organization={ACM}
}


@InProceedings{intel_algorithm,
author="Patwary, Md. Mostofa Ali
and Satish, Nadathur Rajagopalan
and Sundaram, Narayanan
and Park, Jongsoo
and Anderson, Michael J.
and Vadlamudi, Satya Gautam
and Das, Dipankar
and Pudov, Sergey G.
and Pirogov, Vadim O.
and Dubey, Pradeep",
editor="Kunkel, Julian M.
and Ludwig, Thomas",
title="Parallel Efficient Sparse Matrix-Matrix Multiplication on Multicore Platforms",
booktitle="High Performance Computing",
year="2015",
publisher="Springer International Publishing",
address="Cham",
pages="48--57",
isbn="978-3-319-20119-1"
}


@book{hefferon2012linear,
  title={{Linear Algebra}},
  author={Hefferon, J. and Textbook Equity},
  isbn={9781493757367},
  url={https://books.google.at/books?id=\_7GqngEACAAJ},
  year={2012},
  publisher={CreateSpace Independent Publishing Platform}
}

@article{prechtl,
  title={{Vorlesungen über Elektrodynamik}},
  author={Adalbert Prechtl},
  note={ ~TU Wien, Institute of Electrodynamics, Microwave and Circuit Engineering},
  year={2010}
}

@article{langer,
  title={{Lecture Notes to 'Numerical Aspects of Microstructure-Simulation'}},
  author={Erasmus Langer and H Ceric},
  note={ ~TU Wien, Institute of Microelectronics},
  year={WS2014/15}
}

@article{russell1978cray,
  title={{The CRAY-1 computer system}},
  author={Russell, Richard M},
  journal={Communications of the ACM},
  volume={21},
  number={1},
  pages={63--72},
  year={1978},
  publisher={ACM}
}

@book{Trottenberg:2000:MUL:374106,
 author = {Trottenberg, Ulrich and Schuller, Anton},
 title = {Multigrid},
 year = {2001},
 isbn = {0-12-701070-X},
 publisher = {Academic Press, Inc.},
 address = {Orlando, FL, USA},
}


@article{van2004principles,
  title={Principles of semiconductor devices},
  author={Van Zeghbroeck, Bart},
  journal={Colarado University},
  year={2004}
}

@Misc{python,
  author =    {Eric Jones and Travis Oliphant and Pearu Peterson and others},
  title =     {{SciPy}: Open source scientific tools for {Python}},
  year =      {2001--},
  url = {"http://www.scipy.org/"},
}

@Misc{top500sunway,
  author = {Michael Feldman},
  title  = {China Tops Supercomputer Rankings with New 93-Petaflop Machine},
  year   = {2016},
  note    = {"https://www.top500.org/news/china-tops-supercomputer-rankings-with-new-93-petaflop-machine/"}
  }
  
@Misc{petsc-web-page,
author = {Satish Balay and Shrirang Abhyankar and Mark~F. Adams and Jed Brown and Peter Brune
and Kris Buschelman and Lisandro Dalcin and Victor Eijkhout and William~D. Gropp
and Dinesh Kaushik and Matthew~G. Knepley and Dave~A. May and Lois Curfman McInnes
and Richard Tran Mills and Todd Munson and Karl Rupp and Patrick Sanan
and Barry~F. Smith and Stefano Zampini and Hong Zhang and Hong Zhang},
title =  {{PETS}c {W}eb page},
url =    {http://www.mcs.anl.gov/petsc},
howpublished = {\url{http://www.mcs.anl.gov/petsc}},
year = {2018}
}

@Misc{top500n_VSC3,
  author = {Jack Dongarra},
  title  = {TOP500, VSC-3},
  year   = {9},
  url    = "https://www.top500.org/system/178471"
  }


@Misc{green500,
  author =    {Wu Feng and Tom Scogland},
  title =     {Green500 list {November} 2017},
  url = {"https://www.top500.org/green500/lists/2017/11/"},
}


@Misc{HPCG,
  author =    {Jack Dongarra and Piotr Luszczek},
  title =     {{November 2017 HPCG Results}},
  url = "http://www.hpcg-benchmark.org/custom/index.html?lid=155&slid=293"
  }

@Misc{titan,
  author =    {{Oak Ridge National Laboratory}},
  title =     {{Titan: Advancing the Era of Accelerated Computing}},
  url = "https://www.olcf.ornl.gov/olcf-resources/compute-systems/titan/"
  }

@Misc{linpack,
  author = {A. Petitet and R. C. Whaley and J. Dongarra and A. Cleary},
  title  = {{HPL - A Portable Implementation of the High-Performance Linpack Benchmark for Distributed-Memory Computers}},
  year   = {2016},
  note    = {http://www.netlib.org/benchmark/hpl/}
}
